@article{andraka,
author = {Andraka, Ray},
year = {2001},
month = {12},
pages = {},
title = {A survey of CORDIC algorithms for FPGA based computers},
journal = {ACM/SIGDA International Symposium on Field Programmable Gate Arrays - FPGA},
doi = {10.1145/275107.275139}
}

@inproceedings{volder,
  title={The CORDIC computing technique},
  author={Jack E. Volder},
  booktitle={IRE-AIEE-ACM '59 (Western)},
  year={1959}
}

@article{lakshmi,
author = {Boppana, Lakshmi and Dhar, Anindya},
year = {2010},
month = {03},
pages = {},
title = {CORDIC architectures: a survey},
volume = {2010},
journal = {VLSI Design},
doi = {10.1155/2010/794891}
}


@article{birth,
author = {Volder, Jack},
year = {2000},
month = {06},
pages = {101-105},
title = {The Birth of Cordic},
volume = {25},
journal = {VLSI Signal Processing},
doi = {10.1023/A:1008110704586}
}

@article{evaluation,
author = {Valls, Javier and Kuhlmann, Martin and Parhi, Keshab},
year = {2002},
month = {11},
pages = {207-222},
title = {Evaluation of CORDIC algorithms for FPGA design},
volume = {32},
journal = {VLSI Signal Processing},
doi = {10.1023/A:1020205217934}
}

@article{Lunar,
author = {Heffron, W. and Piana, F.},
year = {1971},
month = {01},
pages = {},
title = {The navigation system of the lunar roving vehicle}
}

@online{wikipedia,
  author = {Wikipedia},
  title = {CORDIC},
  year = 2020,
  url = {https://en.wikipedia.org/wiki/CORDIC},
  urldate = {2020-07-25}
}


